<?xml version="1.0" encoding="UTF-8"?><collection xmlns="http://www.loc.gov/MARC21/slim"><record><leader>00427nam--2200145-i-4500</leader><controlfield tag="001">000029913</controlfield><controlfield tag="002">20161230</controlfield><controlfield tag="005">20161230201038</controlfield><controlfield tag="008">060222s1000------------r-----000-0-eng-d</controlfield><datafield ind1=" " ind2=" " tag="080"><subfield code="a">530.12:531.19</subfield></datafield><datafield ind1=" " ind2=" " tag="100"><subfield code="a">Moller, C</subfield></datafield><datafield ind1=" " ind2=" " tag="245"><subfield code="a">Gibbs`statistical mechanics in the theory of relativity</subfield></datafield><datafield ind1=" " ind2=" " tag="260"><subfield code="a">Kobenhavn, Det Kongelige Danske Videnskabernes Selskab, 1968, 44p</subfield></datafield><datafield ind1=" " ind2=" " tag="490"><subfield code="a">Matematisk-fysike Meddelelser</subfield></datafield><datafield ind1=" " ind2=" " tag="852"><subfield code="a">33434</subfield></datafield></record></collection>